<record><leader>00000cas a2200000 a 4500</leader><controlfield tag="001">8381311</controlfield><controlfield tag="008">820429d18731991scudr ne      0   a0eng c</controlfield><controlfield tag="009">2565</controlfield><datafield ind1=" " ind2=" " tag="010"><subfield code="a">sn 84026936 </subfield></datafield><datafield ind1=" " ind2=" " tag="040"><subfield code="a">TST</subfield><subfield code="b">eng</subfield><subfield code="c">TST</subfield><subfield code="d">NSD</subfield><subfield code="d">NPU</subfield><subfield code="d">OCL</subfield><subfield code="d">NPY</subfield><subfield code="d">DLC</subfield><subfield code="d">NPX</subfield><subfield code="d">NPA</subfield><subfield code="d">NSD</subfield><subfield code="d">DLC</subfield><subfield code="d">PPM</subfield><subfield code="d">OCL</subfield><subfield code="d">DLC</subfield><subfield code="d">YOX</subfield><subfield code="d">KNP</subfield><subfield code="d">NSD</subfield><subfield code="d">YOX</subfield><subfield code="d">DLC</subfield><subfield code="d">NLG</subfield><subfield code="d">NSD</subfield><subfield code="d">KNP</subfield><subfield code="d">MGN</subfield><subfield code="d">YOX</subfield><subfield code="d">CRL</subfield><subfield code="d">NVF</subfield><subfield code="d">CNK</subfield><subfield code="d">NVK</subfield><subfield code="d">NVF</subfield><subfield code="d">DLC</subfield><subfield code="d">CVF</subfield><subfield code="d">DLC</subfield><subfield code="d">NVK</subfield><subfield code="d">KRTAS</subfield><subfield code="d">OCLCQ</subfield><subfield code="d">DLC</subfield><subfield code="d">OCLCF</subfield></datafield><datafield ind1=" " ind2=" " tag="019"><subfield code="a">9355772</subfield></datafield><datafield ind1="1" ind2=" " tag="022"><subfield code="a">0896-1999</subfield><subfield code="l">0896-1999</subfield><subfield code="z">0746-0929</subfield><subfield code="z">0746-0937</subfield><subfield code="z">0888-6156</subfield><subfield code="z">0888-6164</subfield><subfield code="2">1</subfield></datafield><datafield ind1="1" ind2=" " tag="029"><subfield code="a">AU@</subfield><subfield code="b">000021316568</subfield></datafield><datafield ind1=" " ind2=" " tag="042"><subfield code="a">pcc</subfield><subfield code="a">nsdp</subfield></datafield><datafield ind1=" " ind2=" " tag="043"><subfield code="a">n-us-sc</subfield></datafield><datafield ind1="0" ind2="0" tag="050"><subfield code="a">Newspaper</subfield></datafield><datafield ind1="0" ind2=" " tag="130"><subfield code="a">News and courier (Charleston, S.C. : Daily)</subfield></datafield><datafield ind1=" " ind2="0" tag="222"><subfield code="a">News and courier</subfield><subfield code="b">(Charleston, S.C. Daily)</subfield></datafield><datafield ind1="1" ind2="0" tag="245"><subfield code="a">News and courier.</subfield></datafield><datafield ind1="1" ind2=" " tag="246"><subfield code="i">Published on Saturday as:</subfield><subfield code="a">Saturday, the news and courier, the Charleston evening post</subfield><subfield code="f">Apr. 6, 1974-Mar. 18, 1978</subfield></datafield><datafield ind1="1" ind2=" " tag="246"><subfield code="i">Published on Saturday as:</subfield><subfield code="a">Saturday, the news and courier, the evening post</subfield><subfield code="f">Mar. 25, 1978-Jan. 18, 1984</subfield></datafield><datafield ind1="1" ind2=" " tag="246"><subfield code="i">Published on Saturday as:</subfield><subfield code="a">Saturday post-courier</subfield><subfield code="f">Jan. 25, 1986-Sept. 28, 1991</subfield></datafield><datafield ind1="1" ind2=" " tag="246"><subfield code="i">Published on Sunday as:</subfield><subfield code="a">Sunday news</subfield><subfield code="f">1873-Aug. 22, 1926</subfield></datafield><datafield ind1="1" ind2=" " tag="246"><subfield code="i">Published on Sunday as:</subfield><subfield code="a">Sunday, the news and courier, the Charleston evening post</subfield><subfield code="f">Apr. 7, 1974-Mar. 19, 1978</subfield></datafield><datafield ind1="1" ind2=" " tag="246"><subfield code="i">Published on Sunday as:</subfield><subfield code="a">Sunday, the news and courier, the evening post</subfield><subfield code="f">Mar. 26, 1978-Jan. 19, 1984</subfield></datafield><datafield ind1="1" ind2=" " tag="246"><subfield code="i">Published on Sunday as:</subfield><subfield code="a">Sunday post-courier</subfield><subfield code="f">Jan. 26, 1986-Sept. 29, 1991</subfield></datafield><datafield ind1="3" ind2=" " tag="246"><subfield code="a">Saturday post courier</subfield></datafield><datafield ind1="3" ind2=" " tag="246"><subfield code="a">Sunday post courier</subfield></datafield><datafield ind1="3" ind2=" " tag="246"><subfield code="a">Charleston news and courier</subfield></datafield><datafield ind1=" " ind2=" " tag="260"><subfield code="a">Charleston, S.C. :</subfield><subfield code="b">Riordan, Dawson &amp; Co.,</subfield><subfield code="c">1873-1991.</subfield></datafield><datafield ind1=" " ind2=" " tag="300"><subfield code="a">v.</subfield></datafield><datafield ind1=" " ind2=" " tag="310"><subfield code="a">Daily</subfield></datafield><datafield ind1="0" ind2=" " tag="362"><subfield code="a">Vol. 10, no. 2256 (Apr. 7, 1873)-v. 189, no. 195 (Sept. 30, 1991).</subfield></datafield><datafield ind1=" " ind2=" " tag="500"><subfield code="a">From 1961-1964 Civil War Editions called: Centennial of the Civil War were published one to two times yearly.</subfield></datafield><datafield ind1=" " ind2=" " tag="530"><subfield code="a">Available on microfilm from Bell &amp; Howell Information and Learning.</subfield></datafield><datafield ind1=" " ind2=" " tag="580"><subfield code="a">Triweekly ed.: News and courier (Charleston, S.C. : Triweekly), &lt;1876&gt;.</subfield></datafield><datafield ind1=" " ind2=" " tag="580"><subfield code="a">Weekly eds.: Weekly news (Charleston, S.C. : 1870), 1873-1884, and: Weekly news and courier, 1884-&lt;1912&gt;.</subfield></datafield><datafield ind1=" " ind2=" " tag="580"><subfield code="a">Merger of: Charleston daily news, and: Charleston daily courier.</subfield></datafield><datafield ind1=" " ind2=" " tag="580"><subfield code="a">Merged with: Evening Post (Charleston, S.C. : 1978), to form: Post and courier.</subfield></datafield><datafield ind1=" " ind2="0" tag="651"><subfield code="a">Charleston (S.C.)</subfield><subfield code="v">Newspapers.</subfield></datafield><datafield ind1=" " ind2="0" tag="651"><subfield code="a">Charleston County (S.C.)</subfield><subfield code="v">Newspapers.</subfield></datafield><datafield ind1=" " ind2="7" tag="655"><subfield code="a">Newspapers.</subfield><subfield code="2">fast</subfield><subfield code="0">(OCoLC)fst01423814</subfield></datafield><datafield ind1=" " ind2="7" tag="651"><subfield code="a">South Carolina</subfield><subfield code="z">Charleston.</subfield><subfield code="2">fast</subfield><subfield code="0">(OCoLC)fst01204603</subfield></datafield><datafield ind1=" " ind2="7" tag="651"><subfield code="a">South Carolina</subfield><subfield code="z">Charleston County.</subfield><subfield code="2">fast</subfield><subfield code="0">(OCoLC)fst01210029</subfield></datafield><datafield ind1=" " ind2=" " tag="752"><subfield code="a">United States</subfield><subfield code="b">South Carolina</subfield><subfield code="c">Charleston</subfield><subfield code="d">Charleston.</subfield></datafield><datafield ind1="1" ind2=" " tag="775"><subfield code="t">News and courier (Charleston, S.C. : Triweekly)</subfield><subfield code="w">(DLC)sn 86053188</subfield><subfield code="w">(OCoLC)13295018</subfield></datafield><datafield ind1="1" ind2=" " tag="775"><subfield code="t">Weekly news (Charleston, S.C. : 1870)</subfield><subfield code="w">(DLC)sn 84026929</subfield><subfield code="w">(OCoLC)10750899</subfield></datafield><datafield ind1="1" ind2=" " tag="775"><subfield code="t">Weekly news and courier</subfield><subfield code="w">(DLC)sn 84024762</subfield><subfield code="w">(OCoLC)11167898</subfield></datafield><datafield ind1="0" ind2=" " tag="775"><subfield code="t">Semi-weekly news and courier</subfield></datafield><datafield ind1="1" ind2="4" tag="780"><subfield code="t">Charleston daily news</subfield><subfield code="w">(DLC)sn 84026994</subfield><subfield code="w">(OCoLC)10803630</subfield></datafield><datafield ind1="1" ind2="4" tag="780"><subfield code="t">Charleston daily courier (Charleston, S.C.)</subfield><subfield code="w">(DLC)sn 83045173</subfield><subfield code="w">(OCoLC)9355612</subfield></datafield><datafield ind1="1" ind2="7" tag="785"><subfield code="t">Evening Post (Charleston, S.C. : 1978)</subfield><subfield code="x">0746-0910</subfield><subfield code="w">(DLC)sn 83008226</subfield><subfield code="w">(OCoLC)9735554</subfield></datafield><datafield ind1="1" ind2="7" tag="785"><subfield code="t">Post and courier</subfield><subfield code="x">1061-5105</subfield><subfield code="w">(DLC)sn 92002434</subfield><subfield code="w">(OCoLC)24558607</subfield></datafield><datafield ind1=" " ind2=" " tag="938"><subfield code="a">Kirtas Technologies, Inc.</subfield><subfield code="b">KRTS</subfield><subfield code="n">735919</subfield></datafield></record>